@misc{matha,
  author={Házy Attila},
  title={Numerikus módszerek, egyetemi jegyzet},
  journal={Miskolci Egyetem},
  howpublished={\url{https://www.uni-miskolc.hu/~matha}},
  year={2020}
}

@misc{python,
  author={Python Foundation},
  title={Python programozási nyelv},
  journal={Hivatalos weboldal},
  howpublished={\url{https://www.python.org}},
  year={2020}
}

@misc{numpy,
  title={NumPy Documentation},
  author={NumPy developers},
  journal={Hivatalos weboldal},
  howpublished={\url{https://numpy.org/doc}},
  year={2019}
}

@misc{scipy,
  title={SciPy Documentation},
  author={SciPy developers},
  journal={Hivatalos weboldal},
  howpublished={\url{https://docs.scipy.org/doc}},
  year={2020}
}

@misc{pip,
  title={Python Package Index},
  author={Python Software Foundation},
  journal={Hivatalos weboldal},
  howpublished={\url{https://pypi.org}},
  year={2020}
}

@misc{jupyter,
  title={Jupyter},
  author={Project Jupyter},
  journal={Hivatalos weboldal},
  howpublished={\url{https://jupyter.org}},
  year={2020}
}

@misc{tiobe,
  title={TIOBE Index},
  author={TIOBE Software Quality Company},
  journal={Hivatalos weboldal},
  howpublished={\url{https://www.tiobe.com/tiobe-index}},
  year={2020}
}

@book{matlab,
  title={MATLAB for Engineers},
  author={Moore, Holly},
  year={2017},
  publisher={Pearson}
}

@book{fortran,
  title={Introduction to Programming with FORTRAN},
  author={Chivers, Ian D and Sleightholme, Jane},
  volume={2},
  year={2018},
  publisher={Springer}
}

@book{maple,
  title={Advanced Problem Solving with Maple: A First Course},
  author={Fox, William P and Bauldry, William C},
  year={2019},
  publisher={CRC Press}
}

@book{gnur,
  title={R programming for data science},
  author={Peng, Roger D},
  year={2016},
  publisher={Leanpub}
}

@article{wolfram,
  title={Teaching calculus with Wolfram| Alpha},
  author={Dimiceli, Vincent E and Lang, Andrew SID and Locke, LeighAnne},
  journal={International Journal of Mathematical Education in Science and Technology},
  volume={41},
  number={8},
  pages={1061--1071},
  year={2010},
  publisher={Taylor \& Francis}
}

@article{ipython,
  title={IPython: a system for interactive scientific computing},
  author={P{\'e}rez, Fernando and Granger, Brian E},
  journal={Computing in Science \& Engineering},
  volume={9},
  number={3},
  pages={21--29},
  year={2007},
  publisher={IEEE}
}

@book{pycharm,
  title={Mastering PyCharm},
  author={Islam, Quazi Nafiul},
  year={2015},
  publisher={Packt Publishing Ltd}
}

@book{datascience,
  title={Python data science handbook: Essential tools for working with data},
  author={VanderPlas, Jake},
  year={2016},
  publisher={" O'Reilly Media, Inc."}
}

@article{ieee,
  title={IEEE standard 754 for binary floating-point arithmetic},
  author={Kahan, William},
  journal={Lecture Notes on the Status of IEEE},
  volume={754},
  number={94720-1776},
  pages={11},
  year={1996}
}

@book{matplotlib,
  title={Matplotlib 2. x By Example},
  author={Yu, Allen and Chung, Claire and Yim, Aldrin},
  year={2017},
  publisher={Packt Publishing Ltd}
}
